
<marc:record><marc:leader>03692aam a2200457Ii 4500</marc:leader>
<marc:controlfield tag="001">001079078</marc:controlfield>
<marc:controlfield tag="005">20181120174933.0</marc:controlfield><marc:controlfield tag="008">160921s2016    mdu     ot   f000 0 eng d</marc:controlfield><marc:datafield tag="024" ind1="8" ind2=" "><marc:subfield code="a">GOVPUB-C13-32f25b44f8febeaa634eb65797c0051f</marc:subfield></marc:datafield><marc:datafield tag="035" ind1=" " ind2=" "><marc:subfield code="a">(OCoLC)958885132</marc:subfield></marc:datafield><marc:datafield tag="040" ind1=" " ind2=" "><marc:subfield code="a">NBS</marc:subfield><marc:subfield code="b">eng</marc:subfield><marc:subfield code="e">pn</marc:subfield><marc:subfield code="e">rda</marc:subfield><marc:subfield code="c">NBS</marc:subfield><marc:subfield code="d">GPO</marc:subfield><marc:subfield code="d">NBS</marc:subfield></marc:datafield><marc:datafield tag="074" ind1=" " ind2=" "><marc:subfield code="a">0245 (online)</marc:subfield></marc:datafield><marc:datafield tag="086" ind1="0" ind2=" "><marc:subfield code="a">C 13.11:150-2-2016</marc:subfield></marc:datafield><marc:datafield tag="090" ind1=" " ind2=" "><marc:subfield code="a">QC100</marc:subfield><marc:subfield code="b">.U51 150-2-2016 2016</marc:subfield></marc:datafield><marc:datafield tag="100" ind1="1" ind2=" "><marc:subfield code="a">Belzer, Barbara.</marc:subfield></marc:datafield><marc:datafield tag="245" ind1="1" ind2="0"><marc:subfield code="a">NVLAP calibration laboratories /</marc:subfield><marc:subfield code="c">Barbara Belzer; Kari K. Harper; Thomas Hettenhouser; Warren Merkel.</marc:subfield></marc:datafield><marc:datafield tag="264" ind1=" " ind2="1"><marc:subfield code="a">Gaithersburg, MD :</marc:subfield><marc:subfield code="b">U.S. Dept. of Commerce, National Institute of Standards and Technology,</marc:subfield><marc:subfield code="c">2016.</marc:subfield></marc:datafield><marc:datafield tag="300" ind1=" " ind2=" "><marc:subfield code="a">1 online resource (27 pages) :.</marc:subfield></marc:datafield><marc:datafield tag="336" ind1=" " ind2=" "><marc:subfield code="a">text</marc:subfield><marc:subfield code="2">rdacontent</marc:subfield></marc:datafield><marc:datafield tag="337" ind1=" " ind2=" "><marc:subfield code="a">computer</marc:subfield><marc:subfield code="2">rdamedia</marc:subfield></marc:datafield><marc:datafield tag="338" ind1=" " ind2=" "><marc:subfield code="a">online resource</marc:subfield><marc:subfield code="2">rdacarrier</marc:subfield></marc:datafield><marc:datafield tag="490" ind1="1" ind2=" "><marc:subfield code="a">NIST handbook ;</marc:subfield><marc:subfield code="v">150-2-2016</marc:subfield></marc:datafield><marc:datafield tag="500" ind1=" " ind2=" "><marc:subfield code="a">Contributed record: Metadata reviewed, not verified. Some fields updated by batch processes.</marc:subfield></marc:datafield><marc:datafield tag="500" ind1=" " ind2=" "><marc:subfield code="a">January 2016.</marc:subfield></marc:datafield><marc:datafield tag="500" ind1=" " ind2=" "><marc:subfield code="a">Title from PDF title page (viewed January 31, 2016).</marc:subfield></marc:datafield><marc:datafield tag="504" ind1=" " ind2=" "><marc:subfield code="a">Includes bibliographical references.</marc:subfield></marc:datafield><marc:datafield tag="520" ind1="3" ind2=" "><marc:subfield code="a">NIST Handbook 150-2, 2016 edition, presents the technical requirements and guidance for the accreditation of laboratories under the National Voluntary Laboratory Accreditation Program (NVLAP) Calibration Laboratories Program. The 2016 edition of NIST Handbook 150-2 supersedes and replaces the following handbooks: 150-2A:2004, 150-2B:2004, 150-2C:2001, 150-2D:2004, 150-2E:2001, 150-2F:2003, 150-2G:2004, and 150-2H:2004. The 2016 edition consolidates several technical guidance documents in the NIST Handbook 150-2 series into one document with a set of normative annexes, including: Annex A which addresses the general accreditation requirements prescribed in ANSI/NCSL Z540-1-1994, Calibration Laboratories and Measuring and Test Equipment General Requirements, Part I, that are not directly addressed in ISO/IEC 17025:2005; Annex B which sets out technical requirements not covered in NIST Handbook 150 that are applicable to a laboratory recognized as competent to carry out dimensional calibrations; Annex C which sets out technical requirements not covered in NIST Handbook 150 that are applicable to a laboratory recognized as competent to carry out time and frequency calibrations. Additional annexes covering the remaining fields of calibration will be published upon the completion of their review and updating. The annexes form a normative part of this handbook, meaning they contain provisions that laboratories must meet in order to conform to the requirements for accreditation. Calibration laboratories use NIST Handbook 150-2 in developing the management and technical systems that govern their operations. Laboratory customers, regulatory authorities, and accreditation bodies may also use it as a basis upon which to judge the competence of laboratories.</marc:subfield></marc:datafield><marc:datafield tag="610" ind1="2" ind2="0"><marc:subfield code="a">NVLAP (Program : U.S.)</marc:subfield></marc:datafield><marc:datafield tag="700" ind1="1" ind2=" "><marc:subfield code="a">Belzer, Barbara.</marc:subfield></marc:datafield><marc:datafield tag="700" ind1="1" ind2=" "><marc:subfield code="a">Harper, Kari K.</marc:subfield></marc:datafield><marc:datafield tag="700" ind1="1" ind2=" "><marc:subfield code="a">Hettenhouser, Thomas.</marc:subfield></marc:datafield><marc:datafield tag="700" ind1="1" ind2=" "><marc:subfield code="a">Merkel, Warren.</marc:subfield></marc:datafield><marc:datafield tag="710" ind1="2" ind2=" "><marc:subfield code="a">National Institute of Standards and Technology (U.S.).</marc:subfield><marc:subfield code="b">Laboratory Programs.</marc:subfield></marc:datafield><marc:datafield tag="830" ind1=" " ind2="0"><marc:subfield code="a">NIST handbook ;</marc:subfield><marc:subfield code="v">150-2-2016.</marc:subfield></marc:datafield><marc:datafield tag="856" ind1="4" ind2=" "><marc:subfield code="u">https://doi.org/10.6028/NIST.HB.150-2-2016</marc:subfield></marc:datafield><marc:datafield tag="856" ind1="4" ind2=" "><marc:subfield code="z">Address at time of PURL creation</marc:subfield><marc:subfield code="u">https://www.govinfo.gov/content/pkg/GOVPUB-C13-32f25b44f8febeaa634eb65797c0051f/pdf/GOVPUB-C13-32f25b44f8febeaa634eb65797c0051f.pdf</marc:subfield></marc:datafield><marc:datafield tag="856" ind1="4" ind2="0"><marc:subfield code="u">https://purl.fdlp.gov/GPO/gpo96521</marc:subfield></marc:datafield><marc:datafield tag="856" ind1=" " ind2=" "><marc:subfield code="3">(online)</marc:subfield><marc:subfield code="u">https://catalog.gpo.gov/fdlpdir/locate.jsp?ItemNumber=0245&amp;SYS=001079078</marc:subfield></marc:datafield><marc:datafield tag="049" ind1=" " ind2=" "><marc:subfield code="a">NBSS</marc:subfield></marc:datafield><marc:datafield tag="922" ind1=" " ind2=" "><marc:subfield code="a">Batch-processed</marc:subfield></marc:datafield><marc:datafield tag="922" ind1=" " ind2=" "><marc:subfield code="a">NIST-1</marc:subfield><marc:subfield code="b">20180815</marc:subfield></marc:datafield></marc:record>